@article{batanovic2016reliable,
	title={Reliable baselines for sentiment analysis in resource-limited languages: The serbian movie review dataset},
	author={Batanovi{\'c}, Vuk and Nikoli{\'c}, Bo{\v{s}}ko and Milosavljevi{\'c}, Milan},
	booktitle={Proceedings of the Tenth International Conference on Language Resources and Evaluation (LREC'16)},
	pages={2688--2696},
	year={2016}
}